@article{dobriban2015efficient,
	Author = {Dobriban, Edgar},
	Title = {Efficient Computation of Limit Spectra of Sample Covariance Matrices},
	Journal={arXiv preprint arXiv:1507.01649},
	Year = {2015}
	}

@ARTICLE{Morgenshtern2007Crystallization, 
author={Morgenshtern, V.I. and Bolcskei, H.}, 
journal={Information Theory, IEEE Transactions on}, 
title={Crystallization in Large Wireless Networks}, 
year={2007}, 
month={Oct}, 
volume={53}, 
number={10}, 
pages={3319-3349}, 
keywords={antennas;fading channels;interference (signal);radio networks;channel state information;crystallization;fading interference relay networks;large wireless networks;matrix theory;single-antenna relays;wireless networks;Channel state information;Crystallization;Fading;Frequency;Interference;Performance analysis;Random variables;Relays;Wireless networks;Wires;Amplify-and-forward;capacity scaling;crystallization;distributed orthogonalization;interference relay network;large random matrices;large wireless networks;large-deviations theory}, 
doi={10.1109/TIT.2007.904789}, 
ISSN={0018-9448},}

@article{pastur1972spectrum,
year={1972},
issn={0040-5779},
journal={Theoretical and Mathematical Physics},
volume={10},
number={1},
doi={10.1007/BF01035768},
title={On the spectrum of random matrices},
url={http://dx.doi.org/10.1007/BF01035768},
publisher={Kluwer Academic Publishers-Plenum Publishers},
author={Pastur, L.A.},
pages={67-74},
language={English}
}

@article{dozier2007empirical,
  title={On the empirical distribution of eigenvalues of large dimensional information-plus-noise-type matrices},
  author={Dozier, R Brent and Silverstein, Jack W},
  journal={Journal of Multivariate Analysis},
  volume={98},
  number={4},
  pages={678--694},
  year={2007},
  publisher={Elsevier}
}
@ARTICLE{gavish2014optimal, 
author={Gavish, M. and Donoho, D.L.}, 
journal={Information Theory, IEEE Transactions on}, 
title={The Optimal Hard Threshold for Singular Values is $4/\sqrt{3}$ }, 
year={2014}, 
month={Aug}, 
volume={60}, 
number={8}, 
pages={5040-5053}, 
keywords={mean square error methods;singular value decomposition;white noise;AMSE-optimal choice;TSVD;asymptotic mean squared error;data singular value shrinkage;low-rank matrix recovery;median empirical singular value;n-by-n matrix;noise distribution;noisy data;optimal hard threshold;optimally tuned singular value soft thresholding;signal-to-noise ratio;thresholding coefficient;truncated singular value decomposition;unknown noise level;white noise;Approximation methods;Information theory;Noise level;Noise reduction;Signal to noise ratio;Vectors;White noise;Singular values shrinkage;bulk edge;low-rank matrix denoising;optimal threshold;quarter circle law;scree plot elbow truncation;unique admissible}, 
doi={10.1109/TIT.2014.2323359}, 
ISSN={0018-9448},}

@article{ledoit2013optimal,
  title={Optimal estimation of a large-dimensional covariance matrix under Stein's loss},
  author={Ledoit, Olivier and Wolf, Michael},
  journal={University of Zurich Department of Economics Working Paper},
  number={122},
  year={2013}
}

@ARTICLE{Nadakuditi2014optshrink, 
author={Nadakuditi, R.R.}, 
journal={Information Theory, IEEE Transactions on}, 
title={OptShrink: An Algorithm for Improved Low-Rank Signal Matrix Denoising by Optimal, Data-Driven Singular Value Shrinkage}, 
year={2014}, 
month={May}, 
volume={60}, 
number={5}, 
pages={3002-3018}, 
keywords={Gaussian noise;convex programming;signal denoising;singular value decomposition;OptShrink;associated shrinkage function;convex penalty functions;data-driven singular value shrinkage;improved low-rank signal matrix denoising;independent identically distributed Gaussian noise;matrix regularization;noisy measurement matrix;nonconvex nature;nuclear norm;numerical simulations;optimal singular value shrinkage;optimal weighting coefficients;representation problem;shrinkage-and-thresholding form;singular value thresholding;truncated singular value decomposition;Approximation methods;Limiting;Matrix decomposition;Noise;Noise measurement;Noise reduction;Vectors;Haar measure;Random matrices;free probability;informational limit;phase transition;principal components analysis;random eigenvalues;random eigenvectors;random perturbation;sample covariance matrices}, 
doi={10.1109/TIT.2014.2311661}, 
ISSN={0018-9448},}

@inproceedings{Johnstone06,
    author = {Iain M. Johnstone},
    title = {High dimensional statistical inference and random matrices},
    booktitle = {Proceedings of International Congress of Mathematicians},
    year = {2006},
    pages = {1--28},
    publisher = {}
}
@book{lehmann1998theory,
  title={Theory of point estimation},
  author={Lehmann, Erich Leo and Casella, George},
  volume={31},
  year={1998},
  publisher={Springer Science \& Business Media}
}
@article{rao2008statistical,
  title={Statistical eigen-inference from large Wishart matrices},
  author={Nadakuditi, Raj Rao and Mingo, James A and Speicher, Roland and Edelman, Alan},
  journal={The Annals of Statistics},
  pages={2850--2885},
  year={2008},
  publisher={JSTOR}
}
@article{benaych2012singular,
  title={The singular values and vectors of low rank perturbations of large rectangular random matrices},
  author={Benaych-Georges, Florent and Nadakuditi, Raj Rao},
  journal={Journal of Multivariate Analysis},
  volume={111},
  pages={120--135},
  year={2012},
  publisher={Elsevier}
}
@book{yao2015large,
  title={Large Sample Covariance Matrices and High-Dimensional Data Analysis},
  author={Yao, Jianfeng and Bai, Zhidong and Zheng, Shurong},
  year={2015},
  publisher={Cambridge University Press}
}
@article{bai2004clt,
  title={CLT for linear spectral statistics of large-dimensional sample covariance matrices},
  author={Bai, Zhidong D and Silverstein, Jack W},
  journal={The Annals of Probability},
  volume={32},
  number={1A},
  pages={553--605},
  year={2004},
  publisher={Institute of Mathematical Statistics}
}

@article{olver2012numerical,
  title={Numerical computation of convolutions in free probability theory},
  author={Olver, Sheehan and Nadakuditi, Raj Rao},
  journal={arXiv preprint arXiv:1203.1958},
  year={2012}
}

@article{belinschi2013analytic,
  title={Analytic subordination theory of operator-valued free additive convolution and the solution of a general random matrix problem},
  author={Belinschi, Serban and Mai, Tobias and Speicher, Roland},
  journal={arXiv preprint arXiv:1303.3196},
  year={2013}
}

@article{belinschi2007new,
  title={A new approach to subordination results in free probability},
  author={Belinschi, Serban T and Bercovici, Hari},
  journal={Journal d'Analyse Math{\'e}matique},
  volume={101},
  number={1},
  pages={357--365},
  year={2007},
  publisher={Springer}
}

@article{hairer2009solving,
  title={Solving Ordinary Differential Equations I: Nonstiff Problems},
  author={Hairer, Ernst and Norsett, Syvert P and Wanner, Gerhard},
  year={2009},
  publisher={Springer}
  series={Springer Series In Computational Mathematics}
}
@article{silverstein1995analysis,
  title={Analysis of the limiting spectral distribution of large dimensional random matrices},
  author={Silverstein, Jack W and Choi, Sang-Il},
  journal={Journal of Multivariate Analysis},
  volume={54},
  number={2},
  pages={295--309},
  year={1995},
  publisher={Elsevier}
}

@book{milnor2006dynamics,
  title={Dynamics in one complex variable},
  author={Milnor, John Willard},
  volume={160},
  year={2006},
  publisher={Springer},
  series={Annals of Mathematics Studies}
}

@book{beardon2000iteration,
  title={Iteration of rational functions: Complex analytic dynamical systems},
  author={Beardon, Alan F},
  volume={132},
  year={2000},
  publisher={Springer},
  series={Graduate Texts in Mathematics}
}

@article{paul2014random,
  title={Random matrix theory in statistics: a review},
  author={Paul, Debashis and Aue, Alexander},
  journal={Journal of Statistical Planning and Inference},
  volume={150},
  pages={1--29},
  year={2014},
  publisher={Elsevier}
}

@article{tulino2004random,
  title={Random matrix theory and wireless communications},
  author={Tulino, Antonio M and Verd{\'u}, Sergio},
  journal={Communications and Information theory},
  volume={1},
  number={1},
  pages={1--182},
  year={2004},
  publisher={Now Publishers Inc.}
}
@book{couillet2011random,
  title={Random matrix methods for wireless communications},
  author={Couillet, Romain and Debbah, Merouane},
  year={2011},
  publisher={Cambridge University Press Cambridge, MA}
}
@article{yao2012note,
  title={A note on a Mar{\v{c}}enko--Pastur type theorem for time series},
  author={Yao, Jianfeng},
  journal={Statistics \& Probability Letters},
  volume={82},
  number={1},
  pages={22--28},
  year={2012},
  publisher={Elsevier}
}
@article{hendrikse2013smooth,
  title={Smooth eigenvalue correction},
  author={Hendrikse, Anne and Veldhuis, Raymond and Spreeuwers, Luuk},
  journal={EURASIP Journal on Advances in Signal Processing},
  volume={2013},
  number={1},
  pages={1--16},
  year={2013},
  publisher={Springer}
}

@article{couillet2011deterministic,
  title={A deterministic equivalent for the analysis of correlated MIMO multiple access channels},
  author={Couillet, Romain and Debbah, M{\'e}rouane and Silverstein, Jack W},
  journal={Information Theory, IEEE Transactions on},
  volume={57},
  number={6},
  pages={3493--3514},
  year={2011},
  publisher={IEEE}
}

@book{girko2001theory,
  title={Theory of stochastic canonical equations},
  author={Girko, ViÍ¡acheslav Leonidovich},
  year={2001},
  publisher={Springer}
}

@article{rao2008polynomial,
  title={The polynomial method for random matrices},
  author={Rao, N Raj and Edelman, Alan},
  journal={Foundations of Computational Mathematics},
  volume={8},
  number={6},
  pages={649--702},
  year={2008},
  publisher={Springer}
}

@article{silverstein1995strong,
  title={Strong convergence of the empirical distribution of eigenvalues of large dimensional random matrices},
  author={Silverstein, Jack W},
  journal={Journal of Multivariate Analysis},
  volume={55},
  number={2},
  pages={331--339},
  year={1995},
  publisher={Elsevier}
}

@article{marchenko1967distribution,
  title={Distribution of eigenvalues for some sets of random matrices},
  author={Marchenko, Vladimir Alexandrovich and Pastur, Leonid Andreevich},
  journal={Matematicheskii Sbornik},
  volume={114},
  number={4},
  pages={507--536},
  year={1967},
  publisher={Russian Academy of Sciences, Branch of Mathematical Sciences}
}

@book{bai2009spectral,
  title={Spectral analysis of large dimensional random matrices},
  author={Bai, Zhidong and Silverstein, Jack W},
  year={2009},
  publisher={Springer},
  series={Springer Series in Statistics}
}

@techreport{dobriban2014comparison,
	Author = {Edgar Dobriban},
	Date-Added = {2014-02-16 21:32:44 +0000},
	Date-Modified = {2014-02-16 21:34:25 +0000},
	Rating = {5},
	Read = {0},
	Title = {A Comparison of Spectrum Estimation Methods},
	Type = {Technical Report},
	Year = {2014}}

@article{EK_spectrum,
	Author = {El Karoui, Noureddine},
	Coden = {ASTSC7},
	Doi = {10.1214/07-AOS581},
	Fjournal = {The Annals of Statistics},
	Issn = {0090-5364},
	Journal = {Ann. Statist.},
	Mrclass = {62H12 (62-09)},
	Mrnumber = {2485012 (2010d:62133)},
	Mrreviewer = {Jussi S. Klemel{\"a}},
	Number = {6},
	Pages = {2757--2790},
	Title = {Spectrum estimation for large dimensional covariance matrices using random matrix theory},
	Url = {http://dx.doi.org/10.1214/07-AOS581},
	Volume = {36},
	Year = {2008},
	Bdsk-Url-1 = {http://dx.doi.org/10.1214/07-AOS581}}

@techreport{LW_spectrum,
	Abstract = {Covariance matrix estimation and principal component analysis (PCA) are two cornerstones of multivariate analysis. Classic textbook solutions perform poorly when the dimension of the data is of a magnitude similar to the sample size, or even larger. In such settings, there is a common remedy for both statistical problems: nonlinear shrinkage of the eigenvalues of the sample covariance matrix. The optimal nonlinear shrinkage formula depends on unknown population quantities and is thus not available. It is, however, possible to consistently estimate an oracle nonlinear shrinkage, which is motivated on asymptotic grounds. A key tool to this end is consistent estimation of the set of eigenvalues of the population covariance matrix (also known as the spectrum), an interesting and challenging problem in its own right. Extensive Monte Carlo simulations demonstrate that our methods have desirable finite-sample properties and outperform previous proposals.},
	Author = {Olivier Ledoit and Michael Wolf},
	Institution = {Department of Economics - University of Zurich},
	Keywords = {Large-dimensional asymptotics; covariance matrix eigenvalues; nonlinear shrinkage; principal compone},
	Month = Jan,
	Number = {105},
	Title = {Spectrum estimation: a unified framework for covariance matrix estimation and PCA in large dimensions},
	Type = {ECON - Working Papers},
	Url = {http://ideas.repec.org/p/zur/econwp/105.html},
	Year = 2013,
	Bdsk-Url-1 = {http://ideas.repec.org/p/zur/econwp/105.html}}

@article{lw_linear,
	Author = {Ledoit, Olivier and Wolf, Michael},
	Journal = {Journal of multivariate analysis},
	Number = {2},
	Pages = {365--411},
	Publisher = {Elsevier},
	Title = {A well-conditioned estimator for large-dimensional covariance matrices},
	Volume = {88},
	Year = {2004}}

@misc{cvx,
	Author = {Michael Grant and Stephen Boyd},
	Howpublished = {\url{http://cvxr.com/cvx}},
	Month = sep,
	Title = {{CVX}: Matlab Software for Disciplined Convex Programming, version 2.0 beta},
	Year = 2013}

@incollection{gb08,
	Author = {Michael Grant and Stephen Boyd},
	Booktitle = {Recent Advances in Learning and Control},
	Editor = {V. Blondel and S. Boyd and H. Kimura},
	Note = {\url{http://stanford.edu/~boyd/graph_dcp.html}},
	Pages = {95--110},
	Publisher = {Springer-Verlag Limited},
	Series = {Lecture Notes in Control and Information Sciences},
	Title = {Graph implementations for nonsmooth convex programs},
	Year = 2008}

@inproceedings{kunegis2013konect,
	Author = {Kunegis, J{\'e}r{\^o}me},
	Booktitle = {Proceedings of the 22nd international conference on World Wide Web companion},
	Organization = {International World Wide Web Conferences Steering Committee},
	Pages = {1343--1350},
	Title = {KONECT: the Koblenz network collection},
	Year = {2013}}

@inproceedings{viswanath-2009-activity,
	Author = {Bimal Viswanath and Alan Mislove and Meeyoung Cha and Krishna P. Gummadi},
	Booktitle = {Proceedings of the 2nd ACM SIGCOMM Workshop on Social Networks (WOSN'09)},
	Location = {Barcelona, Spain},
	Month = {August},
	Title = {On the Evolution of User Interaction in Facebook},
	Year = {2009}}

@inproceedings{mcauley2012learning,
	Author = {McAuley, Julian and Leskovec, Jure},
	Booktitle = {Advances in Neural Information Processing Systems 25},
	Pages = {548--556},
	Title = {Learning to discover social circles in ego networks},
	Year = {2012}}

@article{erdos2013spectral,
	Author = {Erd{\H{o}}s, L{\'a}szl{\'o} and Knowles, Antti and Yau, Horng-Tzer and Yin, Jun},
	Journal = {The Annals of Probability},
	Number = {3B},
	Pages = {2279--2375},
	Publisher = {Institute of Mathematical Statistics},
	Title = {Spectral statistics of Erd{\H{o}}s--R{\'e}nyi graphs I: local semicircle law},
	Volume = {41},
	Year = {2013}}

@article{chung2003spectra,
	Author = {Chung, Fan and Lu, Linyuan and Vu, Van},
	Journal = {Proceedings of the National Academy of Sciences},
	Number = {11},
	Pages = {6313--6318},
	Publisher = {National Acad Sciences},
	Title = {Spectra of random graphs with given expected degrees},
	Volume = {100},
	Year = {2003}}

@article{watts1998collective,
	Author = {Watts, Duncan J and Strogatz, Steven H},
	Journal = {nature},
	Number = {6684},
	Pages = {440--442},
	Publisher = {Nature Publishing Group},
	Title = {Collective dynamics of `small-world'networks},
	Volume = {393},
	Year = {1998}}

@article{farkas2001spectra,
	Author = {Farkas, Illes J and Der{\'e}nyi, Imre and Barab{\'a}si, Albert-L{\'a}szl{\'o} and Vicsek, Tamas},
	Journal = {Physical Review E},
	Number = {2},
	Pages = {026704},
	Publisher = {APS},
	Title = {Spectra of ``real-world'' graphs: Beyond the semicircle law},
	Volume = {64},
	Year = {2001}}

@article{kuhn2011spectra,
	Author = {K{\"u}hn, Reimer and van Mourik, Jort},
	Journal = {Journal of Physics A: Mathematical and Theoretical},
	Number = {16},
	Pages = {165205},
	Publisher = {IOP Publishing},
	Title = {Spectra of modular and small-world matrices},
	Volume = {44},
	Year = {2011}}

@article{rogers2010spectral,
	Author = {Rogers, Tim and Vicente, Conrad P{\'e}rez and Takeda, Koujin and Castillo, Isaac P{\'e}rez},
	Journal = {Journal of Physics A: Mathematical and Theoretical},
	Number = {19},
	Pages = {195002},
	Publisher = {IOP Publishing},
	Title = {Spectral density of random graphs with topological constraints},
	Volume = {43},
	Year = {2010}}

@article{grabow2012small,
	Author = {Grabow, Carsten and Grosskinsky, Stefan and Timme, Marc},
	Journal = {Physical Review Letters},
	Number = {21},
	Pages = {218701},
	Publisher = {APS},
	Title = {Small-world network spectra in mean-field theory},
	Volume = {108},
	Year = {2012}}

@book{brockwell2009time,
	Author = {Brockwell, Peter J and Davis, Richard A},
	Publisher = {Springer},
	Title = {Time series: theory and methods},
	Year = {2009}}

@misc{grenander1984toeplitz,
	Author = {Grenander, Ulf and Szego, G{\'a}bor},
	Publisher = {Chelsea Pub. Co.(New York)},
	Title = {Toeplitz forms and their applications},
	Year = {1984}}

@incollection{kumar2010structure,
	Author = {Kumar, Ravi and Novak, Jasmine and Tomkins, Andrew},
	Booktitle = {Link Mining: Models, Algorithms, and Applications},
	Pages = {337--357},
	Publisher = {Springer},
	Title = {Structure and evolution of online social networks},
	Year = {2010}}

@inproceedings{leskovec2005graphs,
	Author = {Leskovec, Jure and Kleinberg, Jon and Faloutsos, Christos},
	Booktitle = {Proceedings of the eleventh ACM SIGKDD international conference on Knowledge discovery in data mining},
	Organization = {ACM},
	Pages = {177--187},
	Title = {Graphs over time: densification laws, shrinking diameters and possible explanations},
	Year = {2005}}
